@article{Garey,
 author = {Garey, M. R. and Johnson, D. S.},
 title = {The Complexity of Near-Optimal Graph Coloring},
 journal = {J. ACM},
 issue_date = {Jan. 1976},
 volume = {23},
 number = {1},
 month = jan,
 year = {1976},
 issn = {0004-5411},
 pages = {43--49},
 numpages = {7},
 url = {http://doi.acm.org/10.1145/321921.321926},
 doi = {10.1145/321921.321926},
 acmid = {321926},
 publisher = {ACM},
 address = {New York, NY, USA},
} 

@INPROCEEDINGS{greedy, 
author={M. K. Taş and K. Kaya and E. Saule}, 
booktitle={2017 46th International Conference on Parallel Processing (ICPP)}, 
title={Greed Is Good: Parallel Algorithms for Bipartite-Graph Partial Coloring on Multicore Architectures}, 
year={2017}, 
pages={503-512}, 
doi={10.1109/ICPP.2017.59}, 
ISSN={2332-5690}, 
month={Aug},}


@book{sequential,
author = {Marek Kubale},
title = {Graph Colorings},
publisher = {American Mathematical Society},
year = {2004},
series = {Contemporary Mathematics},
page = {1-16},
}

@book{recursion,
editor = {Lowell W. Beineke and Robin J. Wilson},
author = {Thore Husfeldt},
title = {Topics in Chromatic Graph Theory},
publisher = {Cambridge University Press},
year = {2015},
series = {Graph Colouring Algorithms},
page = {277-303},
}


@article{csur18,
 author = {Heidari, Safiollah and Simmhan, Yogesh and Calheiros, Rodrigo N. and Buyya, Rajkumar},
 title = {Scalable Graph Processing Frameworks: A Taxonomy and Open Challenges},
 journal = {ACM Computing Surveys},
 issue_date = {July 2018},
 volume = {51},
 number = {3},
 month = jun,
 year = {2018},
 issn = {0360-0300},
 pages = {60:1--60:53},
 articleno = {60},
 numpages = {53},
 url = {http://doi.acm.org/10.1145/3199523},
 doi = {10.1145/3199523},
 acmid = {3199523},
 publisher = {ACM},
 address = {New York, NY, USA},
} 


@article{sgr,
title = "Graph coloring algorithms for multi-core and massively multithreaded architectures",
journal = "Parallel Computing",
volume = "38",
number = "10",
pages = "576 - 594",
year = "2012",
issn = "0167-8191",
doi = "https://doi.org/10.1016/j.parco.2012.07.001",
url = "http://www.sciencedirect.com/science/article/pii/S0167819112000592",
author = "Ümit V. Çatalyürek and John Feo and Assefaw H. Gebremedhin and Mahantesh Halappanavar and Alex Pothen",
}

@inproceedings{mis,
 author = {Luby, M},
 title = {A Simple Parallel Algorithm for the Maximal Independent Set Problem},
 booktitle = {Proceedings of the Seventeenth Annual ACM Symposium on Theory of Computing},
 series = {STOC '85},
 year = {1985},
 isbn = {0-89791-151-2},
 location = {Providence, Rhode Island, USA},
 pages = {1--10},
 numpages = {10},
 url = {http://doi.acm.org/10.1145/22145.22146},
 doi = {10.1145/22145.22146},
 acmid = {22146},
 publisher = {ACM},
 address = {New York, NY, USA},
} 


@inproceedings{locality,
 author = {Jo, Yong-Yeon and Hong, Jiwon and Jang, Myung-Hwan and Bang, Jae-Geun and Kim, Sang-Wook},
 title = {Data Locality in Graph Engines: Implications and Preliminary Experimental Results},
 booktitle = {Proceedings of the 25th ACM International on Conference on Information and Knowledge Management},
 series = {CIKM '16},
 year = {2016},
 isbn = {978-1-4503-4073-1},
 location = {Indianapolis, Indiana, USA},
 pages = {1885--1888},
 numpages = {4},
 url = {http://doi.acm.org/10.1145/2983323.2983865},
 doi = {10.1145/2983323.2983865},
 acmid = {2983865},
 publisher = {ACM},
 address = {New York, NY, USA},
 keywords = {data layout, data locality, graph engines, single machine},
} 

@INPROCEEDINGS{MASCOTS, 
author={A. Eisenman and L. Cherkasova and G. Magalhaes and Q. Cai and S. Katti}, 
booktitle={2016 IEEE 24th International Symposium on Modeling, Analysis and Simulation of Computer and Telecommunication Systems (MASCOTS)}, 
title={Parallel Graph Processing on Modern Multi-core Servers: New Findings and Remaining Challenges}, 
year={2016}, 
volume={}, 
number={}, 
pages={49-58}, 
doi={10.1109/MASCOTS.2016.66}, 
ISSN={2375-0227}, 
month={Sept},
}

@article{ColPack,
 author = {Gebremedhin, Assefaw H. and Nguyen, Duc and Patwary, Md. Mostofa Ali and Pothen, Alex},
 title = {ColPack: Software for Graph Coloring and Related Problems in Scientific Computing},
 journal = {ACM Trans. Math. Softw.},
 issue_date = {September 2013},
 volume = {40},
 number = {1},
 month = oct,
 year = {2013},
 issn = {0098-3500},
 pages = {1:1--1:31},
 articleno = {1},
 numpages = {31},
 url = {http://doi.acm.org/10.1145/2513109.2513110},
 doi = {10.1145/2513109.2513110},
 acmid = {2513110},
 publisher = {ACM},
 address = {New York, NY, USA}, 
} 

@article{vctheory,
 author = {Addario-Berry, Louigi and Bhamidi, Shankar and Bubeck, S{\'e}bastien and Devroye, Luc and Lugosi, G\'{a}bor and Oliveira, Roberto Imbuzeiro},
 title = {Exceptional Rotations of Random Graphs: A VC Theory},
 journal = {J. Mach. Learn. Res.},
 issue_date = {January 2015},
 volume = {16},
 number = {1},
 month = jan,
 year = {2015},
 issn = {1532-4435},
 pages = {1893--1922},
 numpages = {30},
 url = {http://dl.acm.org/citation.cfm?id=2789272.2886810},
 acmid = {2886810},
 publisher = {JMLR.org},
} 

@inproceedings{stoc06,
 author = {Arora, Sanjeev and Chlamtac, Eden},
 title = {New Approximation Guarantee for Chromatic Number},
 booktitle = {Proceedings of the Thirty-eighth Annual ACM Symposium on Theory of Computing},
 series = {STOC '06},
 year = {2006},
 isbn = {1-59593-134-1},
 location = {Seattle, WA, USA},
 pages = {215--224},
 numpages = {10},
 url = {http://doi.acm.org/10.1145/1132516.1132548},
 doi = {10.1145/1132516.1132548},
 acmid = {1132548},
 publisher = {ACM},
 address = {New York, NY, USA},
} 

@inproceedings{socg14,
 author = {Rok, Alexandre and Walczak, Bartosz},
 title = {Outerstring Graphs are $\chi$-bounded},
 booktitle = {Proceedings of the Thirtieth Annual Symposium on Computational Geometry},
 series = {SOCG'14},
 year = {2014},
 isbn = {978-1-4503-2594-3},
 location = {Kyoto, Japan},
 pages = {136--143},
 articleno = {136},
 numpages = {8},
 url = {http://doi.acm.org/10.1145/2582112.2582115},
 doi = {10.1145/2582112.2582115},
 acmid = {2582115},
 publisher = {ACM},
 address = {New York, NY, USA},
} 

@inproceedings{podc11,
 author = {Kothapalli, Kishore and Pemmaraju, Sriram},
 title = {Distributed Graph Coloring in a Few Rounds},
 booktitle = {Proceedings of the 30th Annual ACM SIGACT-SIGOPS Symposium on Principles of Distributed Computing},
 series = {PODC '11},
 year = {2011},
 isbn = {978-1-4503-0719-2},
 location = {San Jose, California, USA},
 pages = {31--40},
 numpages = {10},
 url = {http://doi.acm.org/10.1145/1993806.1993812},
 doi = {10.1145/1993806.1993812},
 acmid = {1993812},
 publisher = {ACM},
 address = {New York, NY, USA}, 
} 

@inproceedings{podc18,
 author = {Ghaffari, Mohsen and Hirvonen, Juho and Kuhn, Fabian and Maus, Yannic},
 title = {Improved Distributed Delta-Coloring},
 booktitle = {Proceedings of the 2018 ACM Symposium on Principles of Distributed Computing},
 series = {PODC '18},
 year = {2018},
 isbn = {978-1-4503-5795-1},
 location = {Egham, United Kingdom},
 pages = {427--436},
 numpages = {10},
 url = {http://doi.acm.org/10.1145/3212734.3212764},
 doi = {10.1145/3212734.3212764},
 acmid = {3212764},
 publisher = {ACM},
 address = {New York, NY, USA},
} 

@article{jacm11,
 author = {Barenboim, Leonid and Elkin, Michael},
 title = {Deterministic Distributed Vertex Coloring in Polylogarithmic Time},
 journal = {Journal of the ACM},
 issue_date = {October 2011},
 volume = {58},
 number = {5},
 month = oct,
 year = {2011},
 issn = {0004-5411},
 pages = {1--25},
 articleno = {23},
 numpages = {25},
 url = {http://doi.acm.org/10.1145/2027216.2027221},
 doi = {10.1145/2027216.2027221},
 acmid = {2027221},
 publisher = {ACM},
 address = {New York, NY, USA},
 keywords = {Arboricity, arbdefective coloring, partial orientation},
} 

@inproceedings{podc17,
 author = {Barenboim, Leonid and Elkin, Michael and Maimon, Tzalik},
 title = {Deterministic Distributed (Delta + O(Delta))-Edge-Coloring, and Vertex-Coloring of Graphs with Bounded Diversity},
 booktitle = {Proceedings of the ACM Symposium on Principles of Distributed Computing},
 series = {PODC '17},
 year = {2017},
 isbn = {978-1-4503-4992-5},
 location = {Washington, DC, USA},
 pages = {175--184},
 numpages = {10},
 url = {http://doi.acm.org/10.1145/3087801.3087812},
 doi = {10.1145/3087801.3087812},
 acmid = {3087812},
 publisher = {ACM},
 address = {New York, NY, USA},
 keywords = {clique-decomposition, distributed coloring, network partition},
} 


@article{iterative,
title = {Graph coloring algorithms for multi-core and massively multithreaded architectures},
journal = {Parallel Computing},
volume = {38},
number = {10},
pages = {576 - 594},
year = {2012},
issn = {0167-8191},
doi = {https://doi.org/10.1016/j.parco.2012.07.001},
url = {http://www.sciencedirect.com/science/article/pii/S0167819112000592},
author = {Ümit V. Çatalyürek and John Feo and Assefaw H. Gebremedhin and Mahantesh Halappanavar and Alex Pothen},
}


@article{kokkos,
title = {Kokkos: Enabling manycore performance portability through polymorphic memory access patterns},
journal = {Journal of Parallel and Distributed Computing},
volume = {74},
number = {12},
pages = {3202 - 3216},
year = {2014},
issn = {0743-7315},
doi = {https://doi.org/10.1016/j.jpdc.2014.07.003},
url = {http://www.sciencedirect.com/science/article/pii/S0743731514001257},
author = {H. Carter Edwards and Christian R. Trott and Daniel Sunderland}
}

@inproceedings{pactsimd,
 author = {Khorasani, Farzad and Gupta, Rajiv and Bhuyan, Laxmi N.},
 title = {Scalable SIMD-Efficient Graph Processing on GPUs},
 booktitle = {Proceedings of the 2015 International Conference on Parallel Architecture and Compilation},
 series = {PACT '15},
 year = {2015},
 isbn = {978-1-4673-9524-3},
 pages = {39--50},
 numpages = {12},
 url = {https://doi.org/10.1109/PACT.2015.15},
 doi = {10.1109/PACT.2015.15},
 acmid = {2923777},
 publisher = {IEEE Computer Society},
 address = {Washington, DC, USA},
} 

@ARTICLE{frog, 
author={X. Shi and X. Luo and J. Liang and P. Zhao and S. Di and B. He and H. Jin}, 
journal={IEEE Transactions on Knowledge and Data Engineering}, 
title={Frog: Asynchronous Graph Processing on GPU with Hybrid Coloring Model}, 
year={2018}, 
volume={30}, 
number={1}, 
pages={29-42}, 
doi={10.1109/TKDE.2017.2745562}, 
ISSN={1041-4347}, 
month={Jan},
}

@inproceedings{CuSha,
 author = {Khorasani, Farzad and Vora, Keval and Gupta, Rajiv and Bhuyan, Laxmi N.},
 title = {CuSha: Vertex-centric Graph Processing on GPUs},
 booktitle = {Proceedings of the 23rd International Symposium on High-performance Parallel and Distributed Computing},
 series = {HPDC '14},
 year = {2014},
 isbn = {978-1-4503-2749-7},
 location = {Vancouver, BC, Canada},
 pages = {239--252},
 numpages = {14},
 url = {http://doi.acm.org/10.1145/2600212.2600227},
 doi = {10.1145/2600212.2600227},
 acmid = {2600227},
 publisher = {ACM},
 address = {New York, NY, USA},
} 

@inproceedings{totem,
 author = {Gharaibeh, Abdullah and Beltr\~{a}o Costa, Lauro and Santos-Neto, Elizeu and Ripeanu, Matei},
 title = {A Yoke of Oxen and a Thousand Chickens for Heavy Lifting Graph Processing},
 booktitle = {Proceedings of the 21st International Conference on Parallel Architectures and Compilation Techniques},
 series = {PACT '12},
 year = {2012},
 isbn = {978-1-4503-1182-3},
 location = {Minneapolis, Minnesota, USA},
 pages = {345--354},
 numpages = {10},
 url = {http://doi.acm.org/10.1145/2370816.2370866},
 doi = {10.1145/2370816.2370866},
 acmid = {2370866},
 publisher = {ACM},
 address = {New York, NY, USA},
} 

@inproceedings{gunrock,
 author = {Wang, Yangzihao and Davidson, Andrew and Pan, Yuechao and Wu, Yuduo and Riffel, Andy and Owens, John D.},
 title = {Gunrock: A High-performance Graph Processing Library on the GPU},
 booktitle = {Proceedings of the 20th ACM SIGPLAN Symposium on Principles and Practice of Parallel Programming},
 series = {PPoPP' 15},
 year = {2015},
 isbn = {978-1-4503-3205-7},
 location = {San Francisco, CA, USA},
 pages = {265--266},
 numpages = {2},
 url = {http://doi.acm.org/10.1145/2688500.2688538},
 doi = {10.1145/2688500.2688538},
 acmid = {2688538},
 publisher = {ACM},
 address = {New York, NY, USA},
 keywords = {GPU, Graph Processing, Runtime Framework},
} 

@inproceedings{gts,
 author = {Kim, Min-Soo and An, Kyuhyeon and Park, Himchan and Seo, Hyunseok and Kim, Jinwook},
 title = {GTS: A Fast and Scalable Graph Processing Method Based on Streaming Topology to GPUs},
 booktitle = {Proceedings of the 2016 International Conference on Management of Data},
 series = {SIGMOD '16},
 year = {2016},
 isbn = {978-1-4503-3531-7},
 location = {San Francisco, California, USA},
 pages = {447--461},
 numpages = {15},
 url = {http://doi.acm.org/10.1145/2882903.2915204},
 doi = {10.1145/2882903.2915204},
 acmid = {2915204},
 publisher = {ACM},
 address = {New York, NY, USA},
} 

@INPROCEEDINGS{graphreduce, 
author={D. Sengupta and S. L. Song and K. Agarwal and K. Schwan}, 
booktitle={SC15: International Conference for High Performance Computing, Networking, Storage and Analysis}, 
title={GraphReduce: processing large-scale graphs on accelerator-based systems}, 
year={2015}, 
volume={}, 
number={}, 
pages={1-12}, 
doi={10.1145/2807591.2807655}, 
ISSN={}, 
month={Nov},
}


@inproceedings{enterprise,
 author = {Liu, Hang and Huang, H. Howie},
 title = {Enterprise: Breadth-first Graph Traversal on GPUs},
 booktitle = {Proceedings of the International Conference for High Performance Computing, Networking, Storage and Analysis},
 series = {SC '15},
 year = {2015},
 isbn = {978-1-4503-3723-6},
 location = {Austin, Texas},
 pages = {68:1--68:12},
 articleno = {68},
 numpages = {12},
 url = {http://doi.acm.org/10.1145/2807591.2807594},
 doi = {10.1145/2807591.2807594},
 acmid = {2807594},
 publisher = {ACM},
 address = {New York, NY, USA},
} 

@inproceedings{ScalableGPU,
 author = {Merrill, Duane and Garland, Michael and Grimshaw, Andrew},
 title = {Scalable GPU Graph Traversal},
 booktitle = {Proceedings of the 17th ACM SIGPLAN Symposium on Principles and Practice of Parallel Programming},
 series = {PPoPP '12},
 year = {2012},
 isbn = {978-1-4503-1160-1},
 location = {New Orleans, Louisiana, USA},
 pages = {117--128},
 numpages = {12},
 url = {http://doi.acm.org/10.1145/2145816.2145832},
 doi = {10.1145/2145816.2145832},
 acmid = {2145832},
 publisher = {ACM},
 address = {New York, NY, USA},
} 


@article{vldbcolor,
 author = {Yuan, Long and Qin, Lu and Lin, Xuemin and Chang, Lijun and Zhang, Wenjie},
 title = {Effective and Efficient Dynamic Graph Coloring},
 journal = {Proceedings of the VLDB Endowment},
 issue_date = {November 2017},
 volume = {11},
 number = {3},
 month = nov,
 year = {2017},
 issn = {2150-8097},
 pages = {338--351},
 numpages = {14},
 url = {https://doi.org/10.14778/3157794.3157802},
 doi = {10.14778/3157794.3157802},
 acmid = {3173082},
 publisher = {VLDB Endowment},
} 

@INPROCEEDINGS{Manycore, 
author={M. Deveci and E. G. Boman and K. D. Devine and S. Rajamanickam}, 
booktitle={2016 IEEE International Parallel and Distributed Processing Symposium}, 
title={Parallel Graph Coloring for Manycore Architectures}, 
series = {IPDPS' 16},
year={2016}, 
volume={}, 
number={}, 
pages={892-901}, 
doi={10.1109/IPDPS.2016.54}, 
ISSN={1530-2075}, 
month={May},}

@INPROCEEDINGS{ipdpsw, 
author={S. Che and G. Rodgers and B. Beckmann and S. Reinhardt}, 
booktitle={2015 IEEE International Parallel and Distributed Processing Symposium Workshop}, 
title={Graph Coloring on the GPU and Some Techniques to Improve Load Imbalance}, 
year={2015}, 
volume={}, 
number={}, 
pages={610-617}, 
doi={10.1109/IPDPSW.2015.74}, 
ISSN={}, 
month={May},}

@techreport{nvidiaTR, 
author={Maxim Naumov and Patrice Castonguay and Jonathan Cohen}, 
institution={NVIDIA},
type={Technical Report},
title={Parallel Graph Coloring with Applications to the Incomplete-LU Factorization on the GPU}, 
year={2015}, 
month={May}, 
number={NVR-2015-001}, 
pages={23}, 
}


@Misc{law,
howpublished = {\url{http://law.di.unimi.it/index.php}},
month = {November},
year = {2002},
note = {Accessed July 17, 2018},
title = {Laboratory for Web Algorithmics},
author = {Dipartimento di Scienze dell'Informazione of the Università degli studi di Milano},
}


@Misc{snap,
howpublished = {\url{http://snap.stanford.edu/index.html}},
month = {November},
year = {2009},
note = {Accessed July 11, 2018},
title = {Stanford Network Analysis Project},
author = {Jure Leskovec}
}

@book{west,
title = {Introduction to Graph Theory},
author = {Gary Chartrand and Ping Zhang},
publisher = {McGraw Hill Education},
year = {2017},
pages = {191-232},
}


@article{rlf,
author = {F.T. Leighton},
title = {A graph coloring algorithm for large scheduling problems},
volume = {84},
issue = {6},
pages = {489--506},
year = 1979,
month = {November/December},
journal = {Journal of Research of the Notional Bureau of Standards},
url = {http://nvlpubs.nist.gov/nistpubs/jres/84/jresv84n6p489_A1b.pdf},
}

@inproceedings{linguistics,
author = {Manning, Christopher D and Surdeanu, Mihai and Bauer, John and Finkel, Jenny Rose and Bethard, Steven and McClosky, David},
title = {The Stanford CoreNLP Natural Language Processing Toolkit},
booktitle = {Proceedings of the 52nd Annual Meeting of the Association for Computational Linguistics},
series = {ACL '14},
year = {2014}, 
location = {Baltimore, Maryland, USA},
pages = {55--60},
numpages = {6},
publisher = {Association for Computational Linguistics},
} 

@article{sudoku,
author = {Agnes M. Herzberg and M. Ram Murty},
title = {Sudoku Squares and Chromatic Polynomials},
volume = {54},
issue = {6},
pages = {708--717},
year = 2007,
month = {June/July},
journal = {Notices of the American Mathematical Society},
url = {http://www.ams.org/notices/200706/},
}

@article{Welsh-Powell,
author = {Welsh, D. J. A. and Powell, M. B.},
title = {An upper bound for the chromatic number of a graph and its application to timetabling problems},
journal = {The Computer Journal},
volume = {10},
issue = {1},
year = {1967},
pages = {85--86},
doi = {10.1093/comjnl/10.1.85}
}

@inproceedings{x-stream,
 author = {Roy, Amitabha and Mihailovic, Ivo and Zwaenepoel, Willy},
 title = {X-Stream: Edge-centric Graph Processing Using Streaming Partitions},
 booktitle = {Proceedings of the Twenty-Fourth ACM Symposium on Operating Systems Principles},
 series = {SOSP '13},
 year = {2013},
 isbn = {978-1-4503-2388-8},
 location = {Farminton, Pennsylvania},
 pages = {472--488},
 numpages = {17},
 url = {http://doi.acm.org/10.1145/2517349.2522740},
 doi = {10.1145/2517349.2522740},
 acmid = {2522740},
 publisher = {ACM},
 address = {New York, NY, USA},
} 

@inproceedings{graphchi,
 author = {Kyrola, Aapo and Blelloch, Guy and Guestrin, Carlos},
 title = {GraphChi: Large-scale Graph Computation on Just a PC},
 booktitle = {Proceedings of the 10th USENIX Conference on Operating Systems Design and Implementation},
 series = {OSDI'12},
 year = {2012},
 isbn = {978-1-931971-96-6},
 location = {Hollywood, CA, USA},
 pages = {31--46},
 numpages = {16},
 url = {http://dl.acm.org/citation.cfm?id=2387880.2387884},
 acmid = {2387884},
 publisher = {USENIX Association},
 address = {Berkeley, CA, USA},
} 

@inproceedings{pathgraph,
 author = {Yuan, Pingpeng and Zhang, Wenya and Xie, Changfeng and Jin, Hai and Liu, Ling and Lee, Kisung},
 title = {Fast Iterative Graph Computation: A Path Centric Approach},
 booktitle = {Proceedings of the International Conference on High Performance Computing, Networking, Storage and Analysis},
 series = {SC '14},
 year = {2014},
 isbn = {978-1-4799-5500-8},
 location = {New Orleans, Louisana},
 pages = {401--412},
 numpages = {12},
 url = {https://doi.org/10.1109/SC.2014.38},
 doi = {10.1109/SC.2014.38},
 acmid = {2683638},
 publisher = {IEEE Press},
 address = {Piscataway, NJ, USA},
 keywords = {computing model, graph, iterative computation, path, storage},
} 

@inproceedings{computation-centric,
 author = {Zhu, Xiaowei and Chen, Wenguang and Zheng, Weimin and Ma, Xiaosong},
 title = {Gemini: A Computation-centric Distributed Graph Processing System},
 booktitle = {Proceedings of the 12th USENIX Conference on Operating Systems Design and Implementation},
 series = {OSDI'16},
 year = {2016},
 isbn = {978-1-931971-33-1},
 location = {Savannah, GA, USA},
 pages = {301--316},
 numpages = {16},
 url = {http://dl.acm.org/citation.cfm?id=3026877.3026901},
 acmid = {3026901},
 publisher = {USENIX Association},
 address = {Berkeley, CA, USA},
} 

@article{graphmat,
 author = {Sundaram, Narayanan and Satish, Nadathur and Patwary, Md Mostofa Ali and Dulloor, Subramanya R. and Anderson, Michael J. and Vadlamudi, Satya Gautam and Das, Dipankar and Dubey, Pradeep},
 title = {GraphMat: High Performance Graph Analytics Made Productive},
 journal = {Proceedings of the VLDB Endowment},
 issue_date = {July 2015},
 volume = {8},
 number = {11},
 month = jul,
 year = {2015},
 issn = {2150-8097},
 pages = {1214--1225},
 numpages = {12},
 url = {http://dx.doi.org/10.14778/2809974.2809983},
 doi = {10.14778/2809974.2809983},
 acmid = {2809983},
 publisher = {VLDB Endowment},
} 

@article{DSATUR,
 author = {Br{\'e}laz, Daniel},
 title = {New Methods to Color the Vertices of a Graph},
 journal = {Commun. ACM},
 issue_date = {April 1979},
 volume = {22},
 number = {4},
 month = apr,
 year = {1979},
 issn = {0001-0782},
 pages = {251--256},
 numpages = {6},
 url = {http://doi.acm.org/10.1145/359094.359101},
 doi = {10.1145/359094.359101},
 acmid = {359101},
 publisher = {ACM},
 address = {New York, NY, USA},
 keywords = {NP-complete, balancing, comparison of the methods, graph coloring, graph structure, scheduling},
} 

@article{backtracking,
 author = {Kubale, Marek and Jackowski, Boguslaw},
 title = {A Generalized Implicit Enumeration Algorithm for Graph Coloring},
 journal = {Commun. ACM},
 issue_date = {April 1985},
 volume = {28},
 number = {4},
 month = apr,
 year = {1985},
 issn = {0001-0782},
 pages = {412--418},
 numpages = {7},
 url = {http://doi.acm.org/10.1145/3341.3350},
 doi = {10.1145/3341.3350},
 acmid = {3350},
 publisher = {ACM},
 address = {New York, NY, USA},
} 

@article{Mehrotra,
 author = {Anuj, Mehrotra and Michael, A. Trick},
 title = {A Column Generation Approach for Graph Coloring},
 journal = {INFORMS J. on Computing},
 issue_date = {November 1996},
 volume = {8},
 number = {4},
 month = nov,
 year = {1996},
 issn = {1526-5528},
 pages = {344--354},
 numpages = {11},
 url = {http://dx.doi.org/10.1287/ijoc.8.4.344},
 doi = {10.1287/ijoc.8.4.344},
 acmid = {2700909},
 publisher = {INFORMS},
 address = {Institute for Operations Research and the Management Sciences (INFORMS), Linthicum, Maryland, USA},
 } 

@article{Malaguti,
title = "An exact approach for the Vertex Coloring Problem",
journal = "Discrete Optimization",
volume = "8",
number = "2",
pages = "174 - 190",
year = "2011",
issn = "1572-5286",
doi = "https://doi.org/10.1016/j.disopt.2010.07.005",
url = "http://www.sciencedirect.com/science/article/pii/S157252861000054X",
author = "Enrico Malaguti and Michele Monaci and Paolo Toth",
keywords = "Vertex Coloring, Column generation, Branch-and-Price, Computational experiments"
}

@article {Kirkpatrick,
	author = {Kirkpatrick, S. and Gelatt, C. D. and Vecchi, M. P.},
	title = {Optimization by Simulated Annealing},
	journal = {Science},
	volume = {220},
	number = {4598},
	pages = {671--680},
	year = {1983},
	doi = {10.1126/science.220.4598.671},
	publisher = {American Association for the Advancement of Science},
	issn = {0036-8075},
	URL = {http://science.sciencemag.org/content/220/4598/671},
	eprint = {http://science.sciencemag.org/content/220/4598/671.full.pdf}
}

@article{p100,
  author = {NVIDIA Corporation},
	title = {NVIDIA Tesla P100 Whitepaper},
	year = {2017}
}

@article{Xeon-E7-4860,
 author = {David Levinthal},
 title = {Performance Analysis Guide for Intel
\textregistered Core$^{TM}$ i7 Processor and Intel\textregistered Xeon$^{TM}$ 5500 processors },
 year = {2009},
}

@article{p100mem,
  author = {NVIDIA Corporation},
	title = {CUDA C Programming Guide},
	year = {2018}
}

@inproceedings{ijcai-17,
  author    = {Jinkun Lin and Shaowei Cai and Chuan Luo and Kaile Su},
  title     = {A Reduction based Method for Coloring Very Large Graphs},
  booktitle = {Proceedings of the Twenty-Sixth International Joint Conference on
               Artificial Intelligence, {IJCAI-17}},
  pages     = {517--523},
  year      = {2017},
  doi       = {10.24963/ijcai.2017/73},
  url       = {https://doi.org/10.24963/ijcai.2017/73},
}

@article{topc,
 author = {TIM KALER and WILLIAM HASENPLAUGH and TAO B. SCHARDL and CHARLES E. LEISERSON},
 title = {Executing Dynamic Data-Graph Computations Deterministically Using Chromatic Scheduling},
 journal = {ACM Transactions on Parallel Computing},
	volume = {3},
	number = {1},
	pages = {1-31},
	year = {2016},
	month = {July},
	doi = {http://dx.doi.org/10.1145/2896850},
	publisher = {ACM},
}


@inproceedings {ppopp-11,
	author = {A.V. Pascal Grosset and Peihong Zhu and Shusen Liu and Suresh Venkatasubramanian and Mary Hall},
	title = {Evaluating Graph Coloring on GPUs},
	booktitle = {Proceedings of the 16th ACM SIGPLAN Symposium on Principles and Practice of Parallel Programming},
	series = {PPoPP' 11},
  pages     = {297--298},
  year      = {2011},
}

@article{cor,
 author = {Rhyd Lewis and Jonathan M. Thompson and Christine L. Mumford and J. Gillard},
 title = {A wide-ranging computational comparison of high-performance graph colouring algorithms},
 journal = {Computers \& Operations Research},
	volume = {39},
	number = {9},
	pages = {1933--1950},
	year = {2012},
	month = {January},
	publisher = {Elsevier},
}

@INPROCEEDINGS{sc-16, 
author={S. Sallinen and K. Iwabuchi and S. Poudel and M. Gokhale and M. Ripeanu and R. Pearce}, 
booktitle={Proceedings of the International Conference on High Performance Computing, Networking, Storage and Analysis}, 
title={Graph Colouring as a Challenge Problem for Dynamic Graph Processing on Distributed Systems}, 
series = {SC' 16},
year={2016}, 
pages={347-358}, 
doi={10.1109/SC.2016.29}, 
ISSN={}, 
month={Nov},
}

@article{marx2004graph,
	title={Graph colouring problems and their applications in scheduling},
	author={Marx, D{\'a}niel},
	journal={Periodica Polytechnica Electrical Engineering},
	volume={48},
	number={1-2},
	pages={11--16},
	year={2004}
}

@misc{chaitin1986register,
	title={Register allocation and spilling via graph coloring},
	author={Chaitin, Gregory J},
	year={1986},
	month=feb # "~18",
	publisher={Google Patents},
	note={US Patent 4,571,678}
}
